@article{Shraiman2005,
archivePrefix = {arXiv},
arxivId = {14744273475},
author = {Shraiman, Boris I},
doi = {10.1073/pnas.0404782102},
eprint = {14744273475},
file = {:C$\backslash$:/Users/genev/AppData/Local/Mendeley Ltd./Mendeley Desktop/Downloaded/Shraiman - 2005 - Mechanical feedback as a possible regulator of tissue growth.pdf:pdf},
isbn = {0027-8424 (Print)$\backslash$r0027-8424 (Linking)},
issn = {0027-8424},
journal = {Proceedings of the National Academy of Sciences},
number = {9},
pages = {3318--3323},
pmid = {15728365},
title = {{Mechanical Feedback as a Possible Regulator of Tissue Growth}},
url = {www.pnas.orgcgidoi10.1073pnas.0404782102},
volume = {102},
year = {2005}
}
@article{Menshykau2012,
author = {Menshykau, Denis and Kraemer, Conradin and Iber, Dagmar},
doi = {10.1371/journal.pcbi.1002377},
file = {:C$\backslash$:/Users/genev/AppData/Local/Mendeley Ltd./Mendeley Desktop/Downloaded/Menshykau, Kraemer, Iber - 2012 - Branch Mode Selection during Early Lung Development.pdf:pdf},
issn = {1553-7358},
journal = {PLOS Computational Biology},
number = {2},
pages = {e1002377},
title = {{Branch Mode Selection during Early Lung Development}},
url = {http://dx.plos.org/10.1371/journal.pcbi.1002377},
volume = {8},
year = {2012}
}
@article{Krauskopf1998,
author = {Krauskopf, Bernd and Osinga, Hinke M},
file = {:C$\backslash$:/Users/genev/AppData/Local/Mendeley Ltd./Mendeley Desktop/Downloaded/Krauskopf, Osinga - 1998 - Growing 1D and Quasi-2D Unstable Manifolds of Maps.pdf:pdf},
isbn = {00219991/98},
journal = {Journal of Computational Physics},
pages = {404--419},
title = {{Growing 1D and Quasi-2D Unstable Manifolds of Maps}},
url = {https://ac.els-cdn.com/S0021999198960594/1-s2.0-S0021999198960594-main.pdf?{\_}tid=c50a3de1-60e1-41b1-abd4-88c5274f0ca5{\&}acdnat=1544307209{\_}3e34300b169d2ed98157b64a8f6bd6f8},
volume = {146},
year = {1998}
}
@book{Hartl1998,
address = {Sudbury, Massachusetts},
author = {Hartl, Daniel L and Jones, Elizabeth W},
edition = {Fourth},
file = {:C$\backslash$:/Users/genev/AppData/Local/Mendeley Ltd./Mendeley Desktop/Downloaded/Hartl, Jones - Unknown - Genetics Principles and Analysis Fourth Edition.pdf:pdf},
isbn = {076370489X},
pages = {840},
publisher = {Jones and Bartlett},
title = {{Genetics: Principles and Analysis}},
url = {http://www.jbpub.com},
year = {1998}
}
@article{Gesztelyi2012,
author = {Gesztelyi, Rudolf and Zsuga, Judit and Kemeny-Beke, Adam and Varga, Balazs and Juhasz, Bela and Tosaki, Arpad and {Laubichler Gesztelyi}, Manfred R},
doi = {10.1007/s00407-012-0098-5},
file = {:C$\backslash$:/Users/genev/AppData/Local/Mendeley Ltd./Mendeley Desktop/Downloaded/Gesztelyi et al. - 2012 - The Hill Equation and the Origin of Quantitative Pharmacology.pdf:pdf},
journal = {Archive for History of Exact Science},
pages = {427--438},
title = {{The Hill Equation and the Origin of Quantitative Pharmacology}},
url = {https://link.springer.com/content/pdf/10.1007{\%}2Fs00407-012-0098-5.pdf},
volume = {66},
year = {2012}
}
@article{Varea1999,
author = {Varea, C and Arag{\'{o}}, J L and Barrio, R A},
file = {:C$\backslash$:/Users/genev/AppData/Local/Mendeley Ltd./Mendeley Desktop/Downloaded/Varea, Arag{\'{o}}, Barrio - 1999 - Turing patterns on a sphere.pdf:pdf},
journal = {Physical Review},
number = {4},
pages = {4588--4592},
title = {{Turing patterns on a sphere}},
url = {https://doc-0k-4o-apps-viewer.googleusercontent.com/viewer/secure/pdf/15o9ijgohfnbjr43dlqovjl3a11uq697/51o0078f8iebu1gjiuvluccgb8mknbt9/1551485475000/gmail/14216416690119502741/ACFrOgC1MzYkcenvMjaeqWYqycnKOHXLxNMP1{\_}r5hcOih7lYek-NLBZjGMqTxGE6hERypeor1RDVQN},
volume = {60},
year = {1999}
}
@article{Demlow2012,
author = {Demlow, Alan and Olshanskii, Maxim A},
doi = {10.1137/110842235},
file = {:C$\backslash$:/Users/genev/AppData/Local/Mendeley Ltd./Mendeley Desktop/Downloaded/Demlow, Olshanskii - Unknown - AN ADAPTIVE SURFACE FINITE ELEMENT METHOD BASED ON VOLUME MESHES.pdf:pdf},
journal = {SIAM Journal on Numerical Analysis},
keywords = {65N30,adaptivity,error estimator AMS subject classifications 65N15,finite element,interface,level set method,surface},
number = {3},
pages = {1624--1647},
title = {{An Adaptive Surface Finite Element Method Based on Volume Meshes}},
url = {http://www.siam.org/journals/sinum/50-3/84223.html},
volume = {50},
year = {2012}
}
@article{Brodland2015,
author = {Brodland, G. Wayne},
doi = {10.1016/j.semcdb.2015.07.001},
file = {:C$\backslash$:/Users/genev/AppData/Local/Mendeley Ltd./Mendeley Desktop/Downloaded/Brodland - 2015 - How computational models can help unlock biological systems.pdf:pdf},
isbn = {1465-6906},
issn = {10963634},
journal = {Seminars in Cell and Developmental Biology},
pages = {62--73},
pmid = {26165820},
title = {{How Computational Models Can Help Unlock Biological Systems}},
volume = {47-48},
year = {2015}
}
@article{Bonito2010,
author = {Bonito, A and Nochetto, R H and Pauletti, M S},
doi = {10.1137/100781833},
file = {:C$\backslash$:/Users/genev/AppData/Local/Mendeley Ltd./Mendeley Desktop/Downloaded/Bonito, Nochetto, Pauletti - Unknown - GEOMETRICALLY CONSISTENT MESH MODIFICATION.pdf:pdf},
journal = {SIAM Journal on Numerical Analysis},
keywords = {65D99,65N50,Willmore flow AMS subject classifications 65N30,accuracy preserving,coarsening,geo-metric consistency,manifold,mean curvature,mesh modification,parametric finite elements,refinement,smoothing},
number = {5},
pages = {1877--1899},
title = {{Geometrically Consistent Mesh Modification}},
url = {http://www.siam.org/journals/ojsa.php},
volume = {48},
year = {2010}
}
@article{Shampine1997,
author = {Shampine, Lawrence F and Reichelt, Mark W},
doi = {10.1137/S1064827594276424},
file = {:C$\backslash$:/Users/genev/AppData/Local/Mendeley Ltd./Mendeley Desktop/Downloaded/Shampine, Reichelt - Unknown - THE MATLAB ODE SUITE.pdf:pdf},
isbn = {1064827594},
issn = {1064-8275},
journal = {SIAM Journal on Scientific Computing},
number = {1},
pages = {1--22},
title = {{The MATLAB ODE Suite}},
url = {https://people.eecs.berkeley.edu/{~}wkahan/Math128/ODEsuite.pdf http://epubs.siam.org/doi/10.1137/S1064827594276424},
volume = {18},
year = {1997}
}
@techreport{Crampin2001,
author = {Crampin, E J and Maini, P K},
file = {:C$\backslash$:/Users/genev/AppData/Local/Mendeley Ltd./Mendeley Desktop/Downloaded/And, Of Analysis - 2001 - REACTION-DIFFUSION MODELS FOR BIOLOGICAL PATTERN FORMATION.pdf:pdf},
number = {2},
pages = {415--428},
publisher = {International Press},
title = {{Reaction-Diffusion Models for Biological Pattern Formation}},
url = {https://pdfs.semanticscholar.org/4d6f/c0531c236ba3a4d4a36fee1699a610ba12c1.pdf},
volume = {8},
year = {2001}
}
@article{Materi2007,
author = {Materi, Wayne and Wishart, David S},
file = {:C$\backslash$:/Users/genev/AppData/Local/Mendeley Ltd./Mendeley Desktop/Downloaded/Materi, Wishart - 2007 - Computational Systems Biology in Cancer Modeling Methods and Applications.pdf:pdf},
issn = {1177-6250},
journal = {Gene Regulation and Systems Biology},
keywords = {cancer,cellular automata,computational systems biology,modeling,simulation},
month = {sep},
pages = {91--110},
pmid = {19936081},
publisher = {SAGE Publications},
title = {{Computational systems biology in cancer: modeling methods and applications.}},
url = {http://www.ncbi.nlm.nih.gov/pubmed/19936081 http://www.pubmedcentral.nih.gov/articlerender.fcgi?artid=PMC2759135},
volume = {1},
year = {2007}
}
@article{Ay2011,
archivePrefix = {arXiv},
arxivId = {NIHMS150003},
author = {Ay, Ahmet and Arnosti, David N},
doi = {10.3109/10409238.2011.556597},
eprint = {NIHMS150003},
file = {:C$\backslash$:/Users/genev/AppData/Local/Mendeley Ltd./Mendeley Desktop/Downloaded/Ay, Arnosti - Unknown - Mathematical modeling of gene expression a guide for the perplexed biologist.pdf:pdf},
isbn = {2122633255},
issn = {10409238},
journal = {Critical Reviews in Biochemistry and Molecular Biology},
number = {2},
pages = {137--151},
pmid = {21417596},
title = {{Mathematical modeling of gene expression: A guide for the perplexed biologist}},
url = {https://www.ncbi.nlm.nih.gov/pmc/articles/PMC3086598/pdf/nihms273352.pdf},
volume = {46},
year = {2011}
}
@article{Demlow2009,
author = {Demlow, Alan},
doi = {10.1137/070708135},
file = {:C$\backslash$:/Users/genev/AppData/Local/Mendeley Ltd./Mendeley Desktop/Downloaded/Demlow - Unknown - HIGHER-ORDER FINITE ELEMENT METHODS AND POINTWISE ERROR ESTIMATES FOR ELLIPTIC PROBLEMS ON SURFACES.pdf:pdf},
journal = {SIAM Journal on Numerical Analysis},
keywords = {65N15,65N30,AMS subject classifications 58J32},
number = {2},
pages = {805--827},
title = {{Higher-Order Finite Element Methods and Pointwise Error Estimates for Elliptic Problems on Surfaces}},
url = {http://www.siam.org/journals/ojsa.php},
volume = {47},
year = {2009}
}
@article{Szabo1995,
author = {Szabo, B A and Actis, R L},
file = {:C$\backslash$:/Users/genev/AppData/Local/Mendeley Ltd./Mendeley Desktop/Downloaded/Szabo, Actis - 1995 - Finite Element Analysis in Professional Practice.pdf:pdf},
institution = {Washington University},
isbn = {0045-7825(95)00941-8},
journal = {Computer Methods in Applied Mechanics and Engineering},
pages = {209--228},
title = {{Finite Element Analysis in Professional Practice}},
url = {https://ac.els-cdn.com/0045782595009418/1-s2.0-0045782595009418-main.pdf?{\_}tid=d28e0986-68fa-4d72-92ba-89e0b0b832ba{\&}acdnat=1545141060{\_}cf47b8118e22019f4921be62fb89f8af},
volume = {133},
year = {1995}
}
@article{Gierer1972,
author = {Gierer, A and Meinhardt, H},
file = {:C$\backslash$:/Users/genev/AppData/Local/Mendeley Ltd./Mendeley Desktop/Downloaded/Gierer, Meinhardt - 1972 - A Theory of Biological Pattern Formation.pdf:pdf},
journal = {Kybernetik},
pages = {30--39},
title = {{A Theory of Biological Pattern Formation}},
url = {https://link-springer-com.libproxy.sdsu.edu/content/pdf/10.1007{\%}2FBF00289234.pdf},
volume = {12},
year = {1972}
}
@article{Metzger1999,
author = {Metzger, Ross J},
doi = {10.1126/science.284.5420.1635},
file = {:C$\backslash$:/Users/genev/AppData/Local/Mendeley Ltd./Mendeley Desktop/Downloaded/Folkman, Klagsbrun - 1987 - Angiogenic factors.pdf:pdf},
isbn = {9783805597432},
issn = {00368075},
journal = {Science},
number = {5420},
pages = {1635--1639},
pmid = {2438646},
publisher = {American Association for the Advancement of Science},
title = {{Genetic Control of Branching Morphogenesis}},
url = {http://science.sciencemag.org/content/284/5420/1635.full http://www.sciencemag.org/cgi/doi/10.1126/science.284.5420.1635},
volume = {284},
year = {1999}
}
@article{Metzger2008,
author = {Metzger, Ross J and Klein, Ophir D and Martin, Gail R and Krasnow, Mark A},
doi = {10.1038/nature07005},
file = {:C$\backslash$:/Users/genev/AppData/Local/Mendeley Ltd./Mendeley Desktop/Downloaded/Metzger et al. - 2008 - The Branching Program of Mouse Lung Development.pdf:pdf},
isbn = {6507237191},
journal = {Nature},
number = {7196},
pages = {745--750},
title = {{The Branching Program of Mouse Lung Development}},
url = {www.nature.com/nature.},
volume = {453},
year = {2008}
}
@article{Nanjundiah2005,
author = {Nanjundiah, Vidyanand},
doi = {10.17159/sajs.2017/a0203},
file = {:C$\backslash$:/Users/genev/AppData/Local/Mendeley Ltd./Mendeley Desktop/Downloaded/Hofmeyr - Unknown - Mathematics and biology.pdf:pdf},
isbn = {0011-3891},
issn = {00113891},
journal = {Current Science},
number = {3},
pages = {388--393},
pmid = {13161077},
title = {{Mathematics and biology}},
url = {http://www.sajs.co.za},
volume = {88},
year = {2005}
}
@article{Varner2014,
author = {Varner, Victor D. and Nelson, Celeste M.},
doi = {10.1242/dev.104794},
file = {:C$\backslash$:/Users/genev/AppData/Local/Mendeley Ltd./Mendeley Desktop/Downloaded/Varner, Nelson - 2014 - Cellular and physical mechanisms of branching morphogenesis(2).pdf:pdf},
isbn = {1477-9129 (Electronic)$\backslash$n0950-1991 (Linking)},
issn = {1477-9129},
journal = {Development},
number = {14},
pages = {2750--9},
pmid = {25005470},
title = {{Cellular and Physical Mechanisms Of Branching Morphogenesis.}},
url = {http://dev.biologists.org/lookup/doi/10.1242/dev.104794 http://www.ncbi.nlm.nih.gov/pubmed/25005470 http://www.pubmedcentral.nih.gov/articlerender.fcgi?artid=PMC4197615},
volume = {141},
year = {2014}
}
@article{Bonner2003,
author = {Bonner, A E and Lemon, W J and You, M},
doi = {10.1136/jmg.40.6.408},
file = {:C$\backslash$:/Users/genev/AppData/Local/Mendeley Ltd./Mendeley Desktop/Downloaded/Bonner, Lemon, You - 2003 - Gene Expressions Signatures Identify Novel Regulatory Pathways During Murine Lung Development.pdf:pdf},
journal = {Journal Of Medical Genetics},
pages = {408--417},
title = {{Gene Expressions Signatures Identify Novel Regulatory Pathways During Murine Lung Development}},
url = {http://jmg.bmj.com/},
volume = {40},
year = {2003}
}
@article{Schittny2017,
author = {Schittny, Johannes C},
doi = {10.1007/s00441-016-2545-0},
file = {:C$\backslash$:/Users/genev/AppData/Local/Mendeley Ltd./Mendeley Desktop/Downloaded/Schittny - 2017 - Development Of the Lung.pdf:pdf},
journal = {Cell and Tissue Research},
pages = {427--444},
title = {{Development Of the Lung}},
url = {https://www.ncbi.nlm.nih.gov/pmc/articles/PMC5320013/pdf/441{\_}2016{\_}Article{\_}2545.pdf},
volume = {367},
year = {2017}
}
@article{Sun2017,
author = {Sun, Gui-Quan and Wang, Cui-Hua and Wu, Ze-Yan},
doi = {10.1007/s11071-016-3317-9},
file = {:C$\backslash$:/Users/genev/AppData/Local/Mendeley Ltd./Mendeley Desktop/Downloaded/Sun et al. - 2017 - Pattern dynamics of a Gierer-Meinhardt model with spatial effects.pdf:pdf},
journal = {Nonlinear Dynamics},
pages = {1385--1396},
title = {{Pattern dynamics of a Gierer-Meinhardt model with spatial effects}},
url = {https://link.springer.com/content/pdf/10.1007{\%}2Fs11071-016-3317-9.pdf},
volume = {88},
year = {2017}
}
@article{Roth-Kleiner2003,
author = {Roth-Kleiner, Matthias and Post, Martin},
doi = {10.1159/000071009},
file = {:C$\backslash$:/Users/genev/AppData/Local/Mendeley Ltd./Mendeley Desktop/Downloaded/Roth-Kleiner, Post - 2003 - Genetic Control of Lung Development.pdf:pdf},
journal = {Biology of the Neonate},
pages = {83--88},
title = {{Genetic Control of Lung Development}},
url = {www.karger.com/bon},
volume = {84},
year = {2003}
}
@article{Gregor2005,
author = {Gregor, Thomas and Bialek, William and {de Ruyter van Steveninck}, Rob R and Tank, David W and Wieschaus, Eric F},
file = {:C$\backslash$:/Users/genev/AppData/Local/Mendeley Ltd./Mendeley Desktop/Downloaded/Gregor et al. - 2005 - Diffusion and Scaling During Early Embryonic Pattern Formation.pdf:pdf},
journal = {PNAS December},
pages = {18403--18407},
title = {{Diffusion and Scaling During Early Embryonic Pattern Formation}},
url = {www.pnas.orgcgidoi10.1073pnas.0509483102},
volume = {20},
year = {2005}
}
@article{Schnatwinkel2013,
archivePrefix = {arXiv},
arxivId = {NIHMS150003},
author = {Schnatwinkel, Carsten and Niswander, Lee},
doi = {10.1002/dvdy.23961},
eprint = {NIHMS150003},
file = {:C$\backslash$:/Users/genev/AppData/Local/Mendeley Ltd./Mendeley Desktop/Downloaded/Schnatwinkel, Niswander - 2013 - Multiparametric image analysis of lung-branching morphogenesis.pdf:pdf},
isbn = {1097-0177 (Electronic)$\backslash$n1058-8388 (Linking)},
issn = {10588388},
journal = {Developmental Dynamics},
number = {6},
pages = {622--637},
pmid = {23483685},
title = {{Multiparametric Image Analysis Of Lung-Branching Morphogenesis}},
url = {http://doi.wiley.com/10.1002/dvdy.23961},
volume = {242},
year = {2013}
}
@article{Turing1952,
author = {Turing, A M},
file = {:C$\backslash$:/Users/genev/AppData/Local/Mendeley Ltd./Mendeley Desktop/Downloaded/Turing - 1952 - The Chemical Basis of Morphogenesis.pdf:pdf},
isbn = {201903:34:45},
journal = {Philosophical Transactions of the Royal Society of London},
number = {641},
pages = {37--72},
title = {{The Chemical Basis of Morphogenesis}},
url = {https://about.jstor.org/terms},
volume = {237},
year = {1952}
}
@article{Haken1978,
author = {Haken, H and Olbrich, H},
file = {:C$\backslash$:/Users/genev/AppData/Local/Mendeley Ltd./Mendeley Desktop/Downloaded/Haken, Olbrich - 1978 - Analytical Treatment of Pattern Formation in the Gierer-Meinhardt Model of Morphogenesis.pdf:pdf},
journal = {Journal of Mathematical Biology},
keywords = {Bifurcation,Formation,Morphogenesis,Pattern},
pages = {317--331},
title = {{Analytical Treatment of Pattern Formation in the Gierer-Meinhardt Model of Morphogenesis}},
url = {https://link.springer.com/content/pdf/10.1007{\%}2FBF02462997.pdf},
volume = {6},
year = {1978}
}
@misc{Li2017,
author = {Li, Chunbiao and Sprott, Julien Clinton},
booktitle = {International Journal of Bifurcation and Chaos},
doi = {10.1142/S0218127417501498},
file = {:C$\backslash$:/Users/genev/AppData/Local/Mendeley Ltd./Mendeley Desktop/Downloaded/Li, Sprott - 2017 - How to Bridge Attractors and Repellors.pdf:pdf},
number = {10},
pages = {1--11},
title = {{How to Bridge Attractors and Repellors}},
url = {www.worldscientific.com},
volume = {27},
year = {2017}
}
@article{Nikolic2018,
author = {Nikolić, Marko Z and Sun, Dawei and Rawlins, Emma L},
doi = {10.1242/dev.163485},
file = {:C$\backslash$:/Users/genev/AppData/Local/Mendeley Ltd./Mendeley Desktop/Downloaded/Nikolić1nikolić1, Sun, Rawlins - 2018 - Human Lung Development Recent Progress and New Challenges.pdf:pdf},
journal = {Development},
pages = {1--14},
title = {{Human Lung Development: Recent Progress and New Challenges}},
url = {www.who.int/nmh/publications/ncd{\_}report2010/en/},
volume = {145},
year = {2018}
}
@article{England2004,
author = {England, J P and Krauskopf, B and Osinga, Hinke M},
doi = {10.1137/030600131},
file = {:C$\backslash$:/Users/genev/AppData/Local/Mendeley Ltd./Mendeley Desktop/Downloaded/England, Krauskopf, Osinga - 2004 - Computing One-Dimensional Stable Manifolds and Stable Sets of Planar Maps without the Inverse.pdf:pdf},
issn = {1536-0040},
journal = {SIAM Journal on Applied Dynamical Systems},
number = {2},
pages = {161--190},
title = {{Computing One-Dimensional Stable Manifolds and Stable Sets of Planar Maps without the Inverse}},
url = {http://epubs.siam.org/doi/10.1137/030600131},
volume = {3},
year = {2004}
}
@article{PreetheeGonpot2008,
author = {{Preethee Gonpot}, Joseph and Collet, S and Sookia, N},
file = {:C$\backslash$:/Users/genev/AppData/Local/Mendeley Ltd./Mendeley Desktop/Downloaded/Preethee Gonpot, Collet, Sookia - 2008 - Gierer-Meinhardt Model Bifurcation Analysis and Pattern Formation.pdf:pdf},
journal = {Trends in Applied Sciences Research},
number = {2},
pages = {115--128},
title = {{Gierer-Meinhardt Model: Bifurcation Analysis and Pattern Formation}},
url = {http://docsdrive.com/pdfs/academicjournals/tasr/2008/115-128.pdf},
volume = {3},
year = {2008}
}
@article{Murray2012,
author = {Murray, J D},
doi = {10.1090/noti865},
file = {:C$\backslash$:/Users/genev/AppData/Local/Mendeley Ltd./Mendeley Desktop/Downloaded/Murray - Unknown - Why Are There No 3-Headed Monsters Mathematical Modeling in Biology.pdf:pdf},
journal = {Notices of the AMS},
number = {6},
pages = {785--795},
title = {{Why Are There No 3-Headed Monsters? Mathematical Modeling in Biology}},
url = {http://dx.doi.org/10.1090/noti865},
volume = {59},
year = {2012}
}
@article{Kondo2010,
author = {Kondo, Shigeru and Miura, Takashi},
file = {:C$\backslash$:/Users/genev/AppData/Local/Mendeley Ltd./Mendeley Desktop/Downloaded/Kondo, Miura - 2010 - Reaction-Diffusion Model as a Framework for Understanding Biological Pattern Formation Downloaded from.pdf:pdf},
journal = {SCIENCE},
number = {24},
pages = {1616--1620},
title = {{Reaction-Diffusion Model as a Framework for Understanding Biological Pattern Formation}},
url = {http://science.sciencemag.org/},
volume = {329},
year = {2010}
}
@article{Olshanskii2013,
author = {Olshanskii, Maxim A and Reusken, Arnold and Xu, Xianmin},
doi = {10.1093/imanum/drt016},
file = {:C$\backslash$:/Users/genev/AppData/Local/Mendeley Ltd./Mendeley Desktop/Downloaded/Olshanskii, Reusken, Xu - 2014 - A stabilized finite element method for advection-diffusion equations on surfaces.pdf:pdf},
issn = {14643642},
journal = {IMA Journal of Numerical Analysis},
keywords = {SUPG stabilization,advection-diffusion equation,finite element method,surface PDE,transport equations},
pages = {732--758},
title = {{A Stabilized Finite Element Method for Advection-Diffusion Equations on Surfaces}},
year = {2013}
}
@techreport{Bansch2004,
author = {Bansch, Eberhard and Morin, Pedro and Nochetto, Ricardo H},
booktitle = {American Mathematical Society},
file = {:C$\backslash$:/Users/genev/AppData/Local/Mendeley Ltd./Mendeley Desktop/Downloaded/B{\"{a}}nsch, Morin, Nochetto - 2004 - A finite element method for surface diffusion the parametric case.pdf:pdf},
keywords = {65M12,65M15,65M60,65Z05,Schur complement,Surface diffusion,finite ele-ments,fourth-order parabolic problem,pinch-off AMS subject classification: 35K55,smoothing effect},
pages = {1--28},
title = {{A Finite Element Method for Surface Diffusion: The Parametric Case}},
url = {http://www2.math.umd.edu/{~}rhn/papers/pdf/parametric.pdf},
year = {2004}
}
@techreport{,
file = {:C$\backslash$:/Users/genev/AppData/Local/Mendeley Ltd./Mendeley Desktop/Downloaded/Unknown - Unknown - Patterns in Reaction-Diffusion Systems.pdf:pdf},
title = {{Patterns in Reaction-Diffusion Systems}},
url = {https://www.mathstat.dal.ca/{~}iron/math3260/turing.pdf}
}
@incollection{Shubin2001,
author = {Shubin, M A},
booktitle = {Pseudodifferential Operators and Spectral Theory},
chapter = {22},
doi = {DOI https://doi.org/10.1007/978-3-642-56579-3},
edition = {2},
file = {:C$\backslash$:/Users/genev/AppData/Local/Mendeley Ltd./Mendeley Desktop/Downloaded/Shubin - 2001 - The Laplace Operator on the Sphere.pdf:pdf},
pages = {164--173},
title = {{The Laplace Operator on the Sphere}},
url = {http://www.macs.hw.ac.uk/{~}hg94/pdst11/pdst11{\_}sphere.pdf},
year = {2001}
}
@book{MurrayII2003,
author = {Murray, J D},
edition = {Third Edit},
file = {:C$\backslash$:/Users/genev/AppData/Local/Mendeley Ltd./Mendeley Desktop/Downloaded/J D Murray - Unknown - Mathematical Biology II Spatial Models and Biomedical Applications, Third Edition.pdf:pdf},
pages = {839},
title = {{Mathematical Biology II: Spatial Models and Biomedical Applications}},
url = {http://pcleon.if.ufrgs.br/pub/listas-sistdin/MurrayII.pdf},
year = {2000}
}
@book{Strogatz2000,
author = {Strogatz, Stephen H},
edition = {First Edit},
file = {:C$\backslash$:/Users/genev/Desktop/{\_}new/Nonlinear-Dynamics-and-Chaos.pdf:pdf},
pages = {498},
publisher = {Perseus Books Publishing},
title = {{Nonlinear Dynamics and Chaos}},
year = {2000}
}
@article{George,
author = {George, Uduak Z and Wang, Jun and Yu, Zeyun},
doi = {10.3233/BME-130932},
file = {:C$\backslash$:/Users/genev/AppData/Local/Mendeley Ltd./Mendeley Desktop/Downloaded/George, Wang, Yu - Unknown - Numerical Analysis of the Effect of T-tubule Location on Calcium Transient in Ventricular Myocytes.pdf:pdf},
journal = {Biomedical Materials Engineering2},
keywords = {Cardiac myocytes,calcium dynamics,finite element method,numerical analysis,reaction-diffusion equations},
number = {1},
title = {{Numerical Analysis of the Effect of T-tubule Location on Calcium Transient in Ventricular Myocytes}},
url = {https://www.ncbi.nlm.nih.gov/pmc/articles/PMC3835764/pdf/nihms524538.pdf},
volume = {24},
year = {2014}
}
@techreport{Iber2013,
archivePrefix = {arXiv},
arxivId = {1308.2123v1},
author = {Iber, Dagmar and Menshykau, Denis},
eprint = {1308.2123v1},
file = {:C$\backslash$:/Users/genev/AppData/Local/Mendeley Ltd./Mendeley Desktop/Downloaded/Iber, Menshykau - 2013 - The Control of Branching Morphogenesis.pdf:pdf},
institution = {ETH Zurich},
title = {{The Control of Branching Morphogenesis}},
url = {https://arxiv.org/pdf/1308.2123.pdf},
year = {2013}
}
@techreport{Larson2010,
author = {Larson, Mats G and Bengzon, Fredrik},
file = {:C$\backslash$:/Users/genev/AppData/Local/Mendeley Ltd./Mendeley Desktop/Downloaded/Larson, Bengzon - 2010 - The Finite Element Method Theory, Implementation, and Practice.pdf:pdf},
pages = {258},
title = {{The Finite Element Method: Theory, Implementation, and Practice}},
url = {http://matematicas.unex.es/{~}coco/Modelizacion/FEMLarson{\_}Bengzon.pdf},
year = {2010}
}
@techreport{Wilson2013,
archivePrefix = {arXiv},
arxivId = {1210.0530v4},
author = {Wilson, Greg and Aruliah, Da and {Titus Brown}, C and {Chue Hong}, Neil P and Davis, Matt and Guy, Richard T and Haddock, Steven HD and Huff, Kathryn D and Mitchell, Ian M and Plumbley, Mark D and Waugh, Ben and White, Ethan P and Wilson, Paul},
eprint = {1210.0530v4},
file = {:C$\backslash$:/Users/genev/AppData/Local/Mendeley Ltd./Mendeley Desktop/Downloaded/Wilson et al. - 2013 - Best Practices for Scientific Computing.pdf:pdf},
pages = {18},
title = {{Best Practices for Scientific Computing}},
url = {https://arxiv.org/pdf/1210.0530.pdf},
year = {2013}
}
@techreport{,
file = {:C$\backslash$:/Users/genev/AppData/Local/Mendeley Ltd./Mendeley Desktop/Downloaded/Unknown - 1984 - MATLAB {\textregistered} Primer R2018b.pdf:pdf},
isbn = {252.2277014},
title = {{MATLAB {\textregistered} Primer R2018b}},
url = {www.mathworks.com},
year = {2018}
}
@article{Dziuk2013,
author = {Dziuk, Gerhard and Elliott, Charles M},
doi = {10.1017/S0962492913000056},
file = {:C$\backslash$:/Users/genev/AppData/Local/Mendeley Ltd./Mendeley Desktop/Downloaded/Dziuk, Elliott - 2013 - Finite element methods for surface PDEs.pdf:pdf},
journal = {Acta Numerica},
pages = {289--396},
publisher = {Cambridge University Press},
title = {{Finite Element Methods for Surface PDEs}},
url = {https://homepages.warwick.ac.uk/staff/C.M.Elliott/DziEll13surfem.pdf},
year = {2013}
}
@techreport{Lee2000,
author = {Lee, J and Sung, W},
booktitle = {American Institute of Physics},
file = {:C$\backslash$:/Users/genev/AppData/Local/Mendeley Ltd./Mendeley Desktop/Downloaded/Lee, Sung - 2000 - EMERGENCE AND EVOLUTION OF PATTERNS.pdf:pdf},
isbn = {1563969149},
pages = {3--22},
title = {{Emergence and Evolution of Patterns}},
url = {http://proceedings.aip.org/proceedings/cpcr.jsp},
volume = {1},
year = {2000}
}
@book{Haberman2013,
author = {Haberman, Richard},
edition = {Fifth Edit},
file = {:C$\backslash$:/Users/genev/Documents/{\_}SDSU/2019 - Spring/Math 531/Richard{\_}Haberman{\_}Applied{\_}Partial{\_}Differe.pdf:pdf},
isbn = {9780321797056},
pages = {782},
title = {{Applied Partial Differential Equations}},
year = {2013}
}
@book{Dichter2018,
author = {Dichter, Mitchal},
booktitle = {Student Solutions Manual for Nonlinear Dynamics and Chaos, 2nd edition},
doi = {10.1201/9780429493003},
edition = {Second Edi},
file = {:C$\backslash$:/Users/genev/Documents/[Steven{\_}H.{\_}Strogatz$\backslash$;{\_}Mitchal{\_}Dichter]{\_}Student{\_}Solu(z-lib.org).pdf:pdf},
isbn = {9780813350547},
pages = {399},
publisher = {Westview Press},
title = {{Student Solutions Manual for Nonlinear Dynamics and Chaos}},
year = {2018}
}
@article{Kostelich1996,
author = {Kostelich, Eric J and Yorke, James A and You, Zhiping and Meiss, J D},
file = {:C$\backslash$:/Users/genev/AppData/Local/Mendeley Ltd./Mendeley Desktop/Downloaded/Kostelich et al. - 1996 - Plotting stable manifolds error estimates and noninvertible maps.pdf:pdf},
journal = {Physica D: Nonlinear Phenomena},
pages = {210--222},
title = {{Plotting Stable Manifolds: Error Estimates and Noninvertible Maps}},
url = {https://ac.els-cdn.com/0167278995003096/1-s2.0-0167278995003096-main.pdf?{\_}tid=59842dd2-7329-43a9-9809-6d4dff62f71c{\&}acdnat=1543652289{\_}2e67ad700a0cb9f91a583b051d9edb1f},
volume = {93},
year = {1996}
}
@article{Ruelle2006,
author = {Ruelle, David},
file = {:C$\backslash$:/Users/genev/AppData/Local/Mendeley Ltd./Mendeley Desktop/Downloaded/Ruelle - Unknown - What is a Strange Attractor.pdf:pdf},
journal = {Notices of the AMS},
number = {7},
pages = {764--765},
title = {{What Is a Strange Attractor?}},
url = {http://www.ams.org/notices/200607/what-is-ruelle.pdf},
volume = {53},
year = {2006}
}
@article{Barreira2011,
author = {Barreira, R and Elliott, Charles M and Madzvamuse, A},
doi = {10.1007/s00285-011-0401-0},
file = {:C$\backslash$:/Users/genev/AppData/Local/Mendeley Ltd./Mendeley Desktop/Downloaded/Barreira et al. - 2011 - Mathematical Biology The surface finite element method for pattern formation on evolving biological surfaces.pdf:pdf},
isbn = {0028501104010},
journal = {Journal of Mathematical Biology},
keywords = {Activator-depleted model,Evolving surfaces,Pattern formation,Reaction-diffusion systems,Surface finite element method},
pages = {1095--1119},
title = {{The Surface Finite Element Method for Pattern Formation on Evolving Biological Surfaces}},
url = {https://doc-0g-4o-apps-viewer.googleusercontent.com/viewer/secure/pdf/15o9ijgohfnbjr43dlqovjl3a11uq697/el0oq3i2is0hr4lc8qs2f911jr9sess7/1551485400000/gmail/14216416690119502741/ACFrOgAJQ1cDmyGmbO3q7ASTYaNLxuXVEyZEl4ZNuT5DUM62safp6{\_}ExdpwctFGRGiyGTUgxFor6Z1},
volume = {63},
year = {2011}
}
@techreport{Mahaffy2014,
author = {Mahaffy, Joseph M},
file = {:C$\backslash$:/Users/genev/AppData/Local/Mendeley Ltd./Mendeley Desktop/Downloaded/Mahaffy - 2014 - Computer Laboratory Manual Calculus for the Life Sciences MATLAB and Maple Edition.pdf:pdf},
institution = {San Diego State University},
pages = {87},
title = {{Computer Laboratory Manual: Calculus for the Life Sciences, MATLAB and Maple Edition}},
url = {https://jmahaffy.sdsu.edu/courses/LabManual/LabMMM/lab{\_}man.pdf},
year = {2014}
}
@techreport{Gilles,
author = {Gilles, J{\'{e}}r{\^{o}}me},
file = {:C$\backslash$:/Users/genev/AppData/Local/Mendeley Ltd./Mendeley Desktop/Downloaded/Gilles - Unknown - Math330-Advanced Calculus I.pdf:pdf},
institution = {San Diego State University},
pages = {88},
title = {{Advanced Calculus I}},
url = {https://piazza-resources.s3.amazonaws.com/jqpaml9ymc541a/jr9nz4u9knt428/LectureNotes.pdf?X-Amz-Algorithm=AWS4-HMAC-SHA256{\&}X-Amz-Credential=ASIAR6AWVCBXUGESLA7C{\%}2F20190124{\%}2Fus-east-1{\%}2Fs3{\%}2Faws4{\_}request{\&}X-Amz-Date=20190124T033709Z{\&}X-Amz-Expires=3600{\&}X-Amz}
}
@phdthesis{ZenasGeorge2011,
author = {{Zenas George}, Uduak},
file = {:C$\backslash$:/Users/genev/AppData/Local/Mendeley Ltd./Mendeley Desktop/Downloaded/Zenas George - 2011 - A numerical approach to studying cell dynamics.pdf:pdf},
pages = {152},
school = {University of Sussex},
title = {{A numerical approach to studying cell dynamics}},
url = {http://sro.sussex.ac.uk/7620/1/George,{\_}Uduak{\_}Zenas.pdf},
year = {2011}
}
@article{Minoo2000,
author = {Minoo, Parviz},
doi = {10.1186/rr20},
file = {:C$\backslash$:/Users/genev/AppData/Local/Mendeley Ltd./Mendeley Desktop/Downloaded/Minoo - 2000 - Transcriptional Regulation Of Lung Development Emergence Of Specifity.pdf:pdf},
isbn = {1465-9921 (Print)$\backslash$r1465-9921 (Linking)},
issn = {14659921},
journal = {Respiratory Research},
number = {2},
pages = {109--115},
pmid = {11667973},
title = {{Transcriptional regulation of lung development: Emergence of specificity}},
url = {http://respiratory-research.com/content/1/2/109http://respiratory-research.com/content/1/2/109},
volume = {1},
year = {2000}
}
@article{Gonze2013,
author = {Gonze, D and Abou-Jaoud{\'{e}}, W},
doi = {10.1371/journal.pone.0069573},
file = {:C$\backslash$:/Users/genev/AppData/Local/Mendeley Ltd./Mendeley Desktop/Downloaded/Gonze, Abou-Jaoud{\'{e}} - 2013 - The Goodwin Model Behind the Hill Function.pdf:pdf},
journal = {PLoS ONE},
number = {8},
pages = {69573},
title = {{The Goodwin Model: Behind the Hill Function}},
url = {www.plosone.org},
volume = {8},
year = {2013}
}
@article{Wu2017,
author = {Wu, Ranchao and Shao, Yan and Zhou, Yue and Communicated, Chen and Feng, Zhaosheng},
file = {:C$\backslash$:/Users/genev/AppData/Local/Mendeley Ltd./Mendeley Desktop/Downloaded/Wu et al. - 2017 - TURING AND HOPF BIFURCATION OF GIERER-MEINHARDT ACTIVATOR-SUBSTRATE MODEL.pdf:pdf},
journal = {Electronic Journal of Differential Equations},
number = {173},
pages = {1--19},
title = {{Turing and Hopf Bifurcation of Gierer-Meinhardt Activator-Inhibitor Model}},
url = {https://ejde.math.txstate.edu/Volumes/2017/173/wu.pdf},
volume = {2017},
year = {2017}
}
@book{Wooley2005,
address = {Washington, DC},
author = {Wooley, John C and Lin, Herbert S},
edition = {First},
file = {:C$\backslash$:/Users/genev/AppData/Local/Mendeley Ltd./Mendeley Desktop/Downloaded/Wooley, Lin - 2005 - Catalyzing Inquiry at the Interface of Computing and Biology.pdf:pdf},
isbn = {030954937X},
pages = {445},
publisher = {The National Academic Press},
title = {{Catalyzing Inquery at the Interface of Computing and Biology}},
url = {http://www.nap.edu/catalog/11480.html},
year = {2005}
}
@article{Dziuk1988,
author = {Dziuk, Gerhard},
file = {:C$\backslash$:/Users/genev/Desktop/WB ref1 (1988).pdf:pdf},
journal = {Institute for Advanced Mathematics},
pages = {142--155},
title = {{Finite Elements for the Beltrami Operator on Arbitrary Surfaces.pdf}},
year = {1988}
}
@book{Murray2002,
address = {York, PA},
author = {Murray, J D},
edition = {Third},
file = {:C$\backslash$:/Users/genev/AppData/Local/Mendeley Ltd./Mendeley Desktop/Downloaded/Springer - Unknown - Mathematical Biology I. An Introduction, Third Edition.pdf:pdf},
isbn = {0387952233},
pages = {551},
publisher = {Springer},
title = {{Mathematical Biology I: An Introduction}},
url = {http://www.ift.unesp.br/users/mmenezes/mathbio.pdf},
year = {2002}
}
@book{Frye2012,
archivePrefix = {arXiv},
arxivId = {1205.3548v1},
author = {Frye, Christopher R and Efthimiou, Costas},
eprint = {1205.3548v1},
pages = {87},
title = {{Spherical Harmonics in p Dimensions}},
url = {https://arxiv.org/pdf/1205.3548.pdf},
year = {2012}
}
@book{Bathe2014,
author = {Bathe, Klaus-J{\"{u}}rgen},
edition = {Second Edi},
file = {:C$\backslash$:/Users/genev/AppData/Local/Mendeley Ltd./Mendeley Desktop/Downloaded/Bathe - 2014 - Finite Element Procedures.pdf:pdf},
isbn = {978-0-9790049-5-7},
pages = {1043},
title = {{Finite Element Procedures}},
url = {http://web.mit.edu/kjb/www/Books/FEP{\_}2nd{\_}Edition{\_}4th{\_}Printing.pdf},
year = {2014}
}
@article{Olshanskii2009,
author = {Olshanskii, Maxim A and Reusken, Arnold and {Org Grande}, J},
doi = {10.1137/080717602},
file = {:C$\backslash$:/Users/genev/AppData/Local/Mendeley Ltd./Mendeley Desktop/Downloaded/Olshanskii, Reusken, Org Grande - Unknown - A FINITE ELEMENT METHOD FOR ELLIPTIC EQUATIONS ON SURFACES.pdf:pdf},
journal = {SIAM Journal on Numerical Analysis},
keywords = {65N15,65N30,76D45,76T99,Marangoni AMS subject classifications 58J32,finite element,interface,level set method,surface,two-phase flow},
number = {5},
pages = {3339--3358},
title = {{A Finite Element Method for Elliptic Equations on Surfaces}},
url = {http://www.siam.org/journals/ojsa.php},
volume = {47},
year = {2009}
}

@article{Schnakenberg1979,
author = {Schnakenberg, J},
journal = {{Institute for Theoretical Physics}},
volume = {81},
number = {3},
year = {1979},
pages = {389--400},
title = {{Simple Chemical Reaction Systems With Limit Cycle Behavior}},
}

@book{Carroll2005,
   title =     {Endless Forms Most Beautiful: The New Science of Evo Devo and the Making of the Animal Kingdom},
   author =    {Sean B. Carroll},
   publisher = {W. W. Norton & Company},
   isbn =      {0393060160,9780393060164,0393327795,0393327793,0753821826,9780753821824},
   year =      {2005},
   series =    {},
   edition =   {1},
   volume =    {},
   url =       {http://gen.lib.rus.ec/book/index.php?md5=282AC6C39742DB4B62C20697A4F793EE}
}

@article {Hua2014,
	author = {Hua, Zhong L. and Chang, Hao and Wang, Yanshu and Smallwood, Philip M. and Nathans, Jeremy},
	title = {Partial interchangeability of Fz3 and Fz6 in tissue polarity signaling for epithelial orientation and axon growth and guidance},
	volume = {141},
	number = {20},
	pages = {3944--3954},
	year = {2014},
	doi = {10.1242/dev.110189},
	publisher = {The Company of Biologists Ltd},
	issn = {0950-1991},
	URL = {http://dev.biologists.org/content/141/20/3944},
	eprint = {http://dev.biologists.org/content/141/20/3944.full.pdf},
	journal = {Development}
}


@article {Herriges2014,
	author = {Herriges, Michael and Morrisey, Edward E.},
	title = {Lung development: orchestrating the generation and regeneration of a complex organ},
	volume = {141},
	number = {3},
	pages = {502--513},
	year = {2014},
	doi = {10.1242/dev.098186},
	publisher = {The Company of Biologists Ltd},
	issn = {0950-1991},
	URL = {http://dev.biologists.org/content/141/3/502},
	eprint = {http://dev.biologists.org/content/141/3/502.full.pdf},
	journal = {Development}
}

@article{Pearse2018,
    title = "Factors influencing survival of infants with isolated, left-sided congenital diaphragmatic hernia: a systematic review",
    author = "Rachel Pearse and Rute Vieira and Judith Rankin",
    year = "2018",
    month = "4",
    doi = "10.1111/1471-0528.15189",
    language = "English",
    volume = "125",
    journal = "BJOG-An International Journal of Obstetrics and Gynaecology",
    issn = "1470-0328",
    publisher = "John Wiley & Sons, Ltd (10.1111)",
    number = "S2",
}

@article{Krause2018,
author = {Krause, Andrew L and Burton, Abigail M and Fadai, Nabil T and {Van Gorder}, Robert A},
file = {:C$\backslash$:/Users/genev/AppData/Local/Mendeley Ltd./Mendeley Desktop/Downloaded/Krause et al. - Unknown - Emergent structures in reaction-advection-diffusion systems on a sphere.pdf:pdf},
pages = {17},
title = {{Emergent Structures in Reaction-Advection-Diffusion Systems On a Sphere}},
url = {https://ora.ox.ac.uk/objects/uuid:fd570c26-f3f3-4d29-8af5-17c173072536/download{\_}file?file{\_}format=pdf{\&}safe{\_}filename=van{\%}2BGorder{\%}2Bet{\%}2Bal{\%}252C{\%}2BEmergent{\%}2Bstructures{\%}2Bin{\%}2Breaction-advection-diffusion{\%}2Bsystems{\%}2Bon{\%}2Ba{\%}2Bsphere.pdf{\&}type{\_}of{\_}work=Journal},
year = {2018}
}

@article{Prince2018,
    title = {FGF10 and Human Lung Disease Across the Life Spectrum},
    author = {Prince, Lawrence S},
    journal = {Frontiers in Genetics},
    volume = {9},
    year = {2018},
    number = {517},
    pages = {1--6}
}


@report{murphyL,
    title = {A Computational approach for Mode Isolation for Reaction-Diffusion Systems on Arbitraty Geometries},
    author = {Murphy, Laura and Venkataraman, Chandrasekhar and Madzvamuse, Anotida},
    year = {2016},
    pages = {26}
}





