@techreport{Krause2018,
author = {Krause, Andrew L and Burton, Abigail M and Fadai, Nabil T and {Van Gorder}, Robert A},
file = {:C$\backslash$:/Users/genev/AppData/Local/Mendeley Ltd./Mendeley Desktop/Downloaded/Krause et al. - Unknown - Emergent structures in reaction-advection-diffusion systems on a sphere.pdf:pdf},
pages = {17},
title = {{Emergent Structures in Reaction-Advection-Diffusion Systems On a Sphere}},
url = {https://ora.ox.ac.uk/objects/uuid:fd570c26-f3f3-4d29-8af5-17c173072536/download{\_}file?file{\_}format=pdf{\&}safe{\_}filename=van{\%}2BGorder{\%}2Bet{\%}2Bal{\%}252C{\%}2BEmergent{\%}2Bstructures{\%}2Bin{\%}2Breaction-advection-diffusion{\%}2Bsystems{\%}2Bon{\%}2Ba{\%}2Bsphere.pdf{\&}type{\_}of{\_}work=Journal},
year = {2018}
}
