@article{Prince2018,
    title = {FGF10 and Human Lung Disease Across the Life Spectrum},
    author = {Prince, Lawrence S},
    journal = {Frontiers in Genetics},
    volume = {9},
    year = {2018},
    number = {517},
    pages = {1--6}
}

@article{Schnakenberg1979,
    author = {Schnakenberg, J},
    journal = {{Institute for Theoretical Physics}},
    volume = {81},
    number = {3},
    year = {1979},
    pages = {389--400},
    title = {{Simple Chemical Reaction Systems With Limit Cycle Behavior}},
}

@article{Turing1952,
    author = {Turing, A M},
    isbn = {201903:34:45},
    journal = {Philosophical Transactions of the Royal Society of London},
    number = {641},
    pages = {37--72},
    title = {{The Chemical Basis of Morphogenesis}},
    url = {https://about.jstor.org/terms},
    volume = {237},
    year = {1952}
}

@article{Pearse2018,
    title = "Factors influencing survival of infants with isolated, left-sided congenital diaphragmatic hernia: a systematic review",
    author = "Rachel Pearse and Rute Vieira and Judith Rankin",
    year = "2018",
    month = "4",
    doi = "10.1111/1471-0528.15189",
    language = "English",
    volume = "125",
    journal = "BJOG-An International Journal of Obstetrics and Gynaecology",
    issn = "1470-0328",
    publisher = "John Wiley & Sons, Ltd (10.1111)",
    number = "S2",
}

@article{Krause2018,
author = {Krause, Andrew L and Burton, Abigail M and Fadai, Nabil T and {Van Gorder}, Robert A},
file = {:C$\backslash$:/Users/genev/AppData/Local/Mendeley Ltd./Mendeley Desktop/Downloaded/Krause et al. - Unknown - Emergent structures in reaction-advection-diffusion systems on a sphere.pdf:pdf},
pages = {17},
title = {{Emergent Structures in Reaction-Advection-Diffusion Systems On a Sphere}},
url = {https://ora.ox.ac.uk/objects/uuid:fd570c26-f3f3-4d29-8af5-17c173072536/download{\_}file?file{\_}format=pdf{\&}safe{\_}filename=van{\%}2BGorder{\%}2Bet{\%}2Bal{\%}252C{\%}2BEmergent{\%}2Bstructures{\%}2Bin{\%}2Breaction-advection-diffusion{\%}2Bsystems{\%}2Bon{\%}2Ba{\%}2Bsphere.pdf{\&}type{\_}of{\_}work=Journal},
year = {2018}
}